<?xml version="1.0" encoding="UTF-8"?><record xmlns="http://www.loc.gov/MARC21/slim" xmlns:cinclude="http://apache.org/cocoon/include/1.0" xmlns:zs="http://www.loc.gov/zing/srw/">
  <leader>00464nz  a2200133n  4500</leader>
  <controlfield tag="001">n  89268855 </controlfield>
  <controlfield tag="003">DLC</controlfield>
  <controlfield tag="005">19950322111109.6</controlfield>
  <controlfield tag="008">950322n| acannaab|          |a aaa |||  </controlfield>
  <datafield tag="010" ind1=" " ind2=" ">
    <subfield code="a">n  89268855 </subfield>
  </datafield>
  <datafield tag="040" ind1=" " ind2=" ">
    <subfield code="a">DLC</subfield>
    <subfield code="c">DLC</subfield>
  </datafield>
  <datafield tag="100" ind1="1" ind2="0">
    <subfield code="a">Padaki, Rupande</subfield>
  </datafield>
  <datafield tag="400" ind1="0" ind2="0">
    <subfield code="a">Rupande Padaki</subfield>
  </datafield>
  <datafield tag="670" ind1=" " ind2=" ">
    <subfield code="a">National HRD Network Symposium. Managing transition, 1992:</subfield>
    <subfield code="b">t.p. (Rupande Padaki) p. [vi] (Began her professional career in Human Resources Division of Ahmedabad ATIRA in 1970; Dr.)</subfield>
  </datafield>
</record>